@Misc{scrapy,
	howpublished = {\url{https://scrapy.org/}},
	note = {Stand 7. November 2018},
	year = {2018},
	title = {A fast and powerful scraping and web crawling framework},
	author = {Scrapinghub}
},
@Misc{beautifulsoup,
	howpublished = {\url{https://pypi.org/project/beautifulsoup4}},
	note = {Stand 7. November 2018},
	year = {2018},
	title = {Beautiful Soup is a library that makes it easy to scrape information from web pages.},
	author = {Python Community}
}